@article{BSKC2019,
  author    = {Joonsang Baek and
               Willy Susilo and
               Jongkil Kim and
               Yang{-}Wai Chow},
  title     = {Subversion in Practice: How to Efficiently Undermine Signatures},
  journal   = {{IEEE} Access},
  volume    = {7},
  pages     = {68799--68811},
  year      = {2019},
  doi       = {10.1109/ACCESS.2019.2918550},
}

@misc{snowden,
title={Revealed: how {US} and {UK} spy agencies defeat internet privacy and security}, note={\url{https://www.theguardian.com/world/2013/sep/05/nsa-gchq-encryption-codes-security}},
journal={The Guardian},
publisher={Guardian News and Media},
author={Ball, James and Borger, Julian and Greenwald, Glenn},
year={2013},
month={Sep}
}

@ARTICLE{SB1988,  author={Smid, M.E. and Branstad, D.K.},  journal={Proceedings of the IEEE},   title={Data Encryption Standard: past and future},   year={1988},  volume={76},  number={5},  pages={550-559},  doi={10.1109/5.4441}}